@article{YOLOv2,
	title={YOLO9000: Better, Faster, Stronger},
	author={Redmon, Joseph and Farhadi, Ali},
	journal={arXiv preprint arXiv:1612.08242},
	year={2016}
}
@inproceedings{COCO,
	title={Microsoft coco: Common objects in context},
	author={Lin, Tsung-Yi and Maire, Michael and Belongie, Serge and Hays, James and Perona, Pietro and Ramanan, Deva and Doll{\'a}r, Piotr and Zitnick, C Lawrence},
	booktitle={European conference on computer vision},
	pages={740--755},
	year={2014},
	organization={Springer}
}
@Article{PASCALVOC, 
	author = "Everingham, M. and Eslami, S. M. A. and Van~Gool, L. and Williams, C. K. I. and Winn, J. and Zisserman, A.", 
	title = "The Pascal Visual Object Classes Challenge: A Retrospective", 
	journal = "International Journal of Computer Vision", 
	volume = "111", 
	year = "2015", 
	number = "1", 
	month = jan, 
	pages = "98--136", 
} 

@article{UAV2,
	title={Automatic car counting method for unmanned aerial vehicle images},
	author={Moranduzzo, Thomas and Melgani, Farid},
	journal={IEEE Transactions on Geoscience and Remote Sensing},
	volume={52},
	number={3},
	pages={1635--1647},
	year={2014},
	publisher={IEEE}
}

}
@article{RRPN,
	Author = {Jianqi Ma and Weiyuan Shao and Hao Ye and Li Wang and Hong Wang and Yingbin Zheng and Xiangyang Xue},
	Title = {Arbitrary-Oriented Scene Text Detection via Rotation Proposals},
	journal = {arXiv preprint arXiv:1703.01086},
	Year = {2017}
}
@article{boundingbox,
	title={Visual genome: Connecting language and vision using crowdsourced dense image annotations},
	author={Krishna, Ranjay and Zhu, Yuke and Groth, Oliver and Johnson, Justin and Hata, Kenji and Kravitz, Joshua and Chen, Stephanie and Kalantidis, Yannis and Li, Li-Jia and Shamma, David A and others},
	journal={International Journal of Computer Vision},
	volume={123},
	number={1},
	pages={32--73},
	year={2017},
	publisher={Springer}
}
@article{DRBox,
	title={Learning a Rotation Invariant Detector with Rotatable Bounding Box},
	author={Liu, Lei and Pan, Zongxu and Lei, Bin},
	journal={arXiv preprint arXiv:1711.09405},
	year={2017}
}
@article{car_detection,
	title={Car detection from low-altitude UAV imagery with the faster R-CNN},
	author={Xu, Yongzheng and Yu, Guizhen and Wang, Yunpeng and Wu, Xinkai and Ma, Yalong},
	journal={Journal of Advanced Transportation},
	volume={2017},
	year={2017},
	publisher={Hindawi}
}
@inproceedings{SSD,
	title={Ssd: Single shot multibox detector},
	author={Liu, Wei and Anguelov, Dragomir and Erhan, Dumitru and Szegedy, Christian and Reed, Scott and Fu, Cheng-Yang and Berg, Alexander C},
	booktitle={European conference on computer vision},
	pages={21--37},
	year={2016},
	organization={Springer}
}
@inproceedings{RCNNforSmall,
	title={R-cnn for small object detection},
	author={Chen, Chenyi and Liu, Ming-Yu and Tuzel, Oncel and Xiao, Jianxiong},
	booktitle={Asian Conference on Computer Vision},
	pages={214--230},
	year={2016},
	organization={Springer}
}
@inproceedings{FasterRCNN,
title={Faster r-cnn: Towards real-time object detection with region proposal networks},
author={Ren, Shaoqing and He, Kaiming and Girshick, Ross and Sun, Jian},
booktitle={Advances in neural information processing systems},
pages={91--99},
year={2015}
}

@inproceedings{YOLO,
	title={You only look once: Unified, real-time object detection},
	author={Redmon, Joseph and Divvala, Santosh and Girshick, Ross and Farhadi, Ali},
	booktitle={Proceedings of the IEEE conference on computer vision and pattern recognition},
	pages={779--788},
	year={2016}
}

@inproceedings{DOTA,
	title={DOTA: A Large-scale Dataset for Object Detection in Aerial Images},
	author={Xia, Gui-Song and Bai, Xiang and Ding, Jian and Zhu, Zhen and Belongie, Serge and Luo, Jiebo and Datcu, Mihai and Pelillo, Marcello and Zhang, Liangpei},
	booktitle={IEEE CVPR},
	year={2018}
}



